@article{gajer00,
author = {Gajer, Pawel and Goodrich, Michael and Kobourov, Stephen},
year = {2000},
month = {01},
pages = {},
title = {A Fast MultiDimensional Algorithm for Drawing Large Graphs?},
volume = {211â€“221},
journal = {Proceedings of the 8th International Symposium on Graph Drawing}
}


@article{nsphere,
author = {Coope, I.},
year = {2000},
month = {12},
pages = {},
title = {Reliable computation of the points of intersection of n spheres in R n},
volume = {42},
journal = {The ANZIAM Journal},
doi = {10.21914/anziamj.v42i0.608}
}